
@article{brooks2014actuarial,
  title={Actuarial risk management},
  author={Brooks, Robert and Hickman, John},
  journal={Journal of Risk Finance},
  volume={15},
  number={1},
  pages={2--10},
  year={2014},
  publisher={Emerald Group Publishing Limited}
}

@article{zwiers2011climate,
  title={Climate extremes in the IPCC AR4 models: analysis of the CMIP3 ensemble},
  author={Zwiers, Francis W and Zhang, Xuebin and Wehner, Michael F},
  journal={Journal of Climate},
  volume={24},
  number={14},
  pages={3934--3952},
  year={2011},
  publisher={American Meteorological Society}
}

@article{palin2016future,
  title={Future changes in the intensity and frequency of extreme precipitation},
  author={Palin, Erin J and Hart, Nicholas C and Roberts, Michael J and Sinsky, Eric and Min, Donald and Koster, Randal D},
  journal={Journal of Climate},
  volume={29},
  number={16},
  pages={5685--5703},
  year={2016},
  publisher={American Meteorological Society}
}

@article{kendon2014uk,
  title={UK daily rainfall intensity: a comparison of extreme value analysis methods},
  author={Kendon, Eleanor J and Roberts, Neil M and Fowler, Hayley J and Blenkinsop, Sarah and Lenderink, Geert},
  journal={Journal of Hydrometeorology},
  volume={15},
  number={3},
  pages={1155--1171},
  year={2014},
  publisher={American Meteorological Society}
}

@article{alexander2006global,
  title={Global observed changes in daily climate extremes of temperature and precipitation},
  author={Alexander, Lisa V and Zhang, Xuebin and Peterson, Thomas C and Caesar, Jay and Gleason, Ben and Klein Tank, Albert M G and Haylock, Mark R and Collins, David C and Trewin, Blair and Rahimzadeh, Fereidoun and others},
  journal={Journal of Geophysical Research: Atmospheres},
  volume={111},
  number={5},
  year={2006},
  publisher={Wiley Online Library}
}

@article{zwiers2011climate,
  title={Climate extremes in the IPCC AR4 models: analysis of the CMIP3 ensemble},
  author={Zwiers, Francis W and Zhang, Xuebin and Wehner, Michael F},
  journal={Journal of Climate},
  volume={24},
  number={14},
  pages={3934--3952},
  year={2011},
  publisher={American Meteorological Society}
}