@article{Schuld_2019,
   title={Quantum Machine Learning in Feature Hilbert Spaces},
   volume={122},
   ISSN={1079-7114},
   url={http://dx.doi.org/10.1103/PhysRevLett.122.040504},
   DOI={10.1103/physrevlett.122.040504},
   number={4},
   journal={Physical Review Letters},
   publisher={American Physical Society (APS)},
   author={Schuld, Maria and Killoran, Nathan},
   year={2019},
   month=feb }
}